%% Obtained via the getNewBibTeX script and the SPIRES biblio service

@Article{Phys.Rev.Lett.19.1264,
     author    = "Weinberg, Steven",
     title     = "A MODEL OF LEPTONS",
     journal   = "Phys. Rev. Lett.",
     volume    = "19",
     year      = "1967",
     pages     = "1264-1266",
     SLACcitation  = "%%CITATION = PRLTA,19,1264;%%"
}

@Article{Phys.Rev.D2.1285,
     author    = "Glashow, S. L. and Iliopoulos, J. and Maiani, L.",
     title     = "WEAK INTERACTIONS WITH LEPTON - HADRON SYMMETRY",
     journal   = "Phys. Rev.",
     volume    = "D2",
     year      = "1970",
     pages     = "1285-1292",
     SLACcitation  = "%%CITATION = PHRVA,D2,1285;%%"
}

@Article{hep-ph/0410370,
     author    = "Willenbrock, Scott",
     title     = "Symmetries of the standard model",
     year      = "2004",
     eprint    = "hep-ph/0410370",
     SLACcitation  = "%%CITATION = HEP-PH 0410370;%%"
}

@Article{Brianti:2004qq,
     author    = "Brianti, G.",
     title     = "The Large Hadron Collider project: Historical account",
     journal   = "Phys. Rept.",
     volume    = "403-404",
     year      = "2004",
     pages     = "349-364",
     SLACcitation  = "%%CITATION = PRPLC,403-404,349;%%"
}

@Article{Amato:1998xt,
     author    = "Amato, S. and others",
 collaboration = "LHCb",
     title     = "LHCb technical proposal",
     note     = "CERN-LHCC-98-4"
}

@Misc{hepthesis,
     author = "Buckley, Andy",
     title  = "The hepthesis {\LaTeX} class"
}
